@misc{fpga_xilinx,
      author = {Xilinx},
      title = {Field Programmable Gate Array (FPGA)},
      howpublished = "\url{https://www.xilinx.com/products/silicon-devices/fpga/what-is-an-fpga.html}"
}

@book{maxfield1,
  title={FPGAs: instant access},
  author={Maxfield, Clive},
  year={2011},
  publisher={Elsevier}
}

@misc{fpga_clive,
      author = {Clive Maxfield},
      title = {Conceptos fundamentales de los FPGA: ¿Qué son los FPGA y por qué son necesarios?},
      howpublished = "\url{https://www.digikey.es/es/articles/fundamentals-of-fpgas-what-are-fpgas-and-why-are-they-needed}"
}

@book{maxfield2,
  title={The design warrior's guide to FPGAs: devices, tools and flows},
  author={Maxfield, Clive},
  year={2004},
  publisher={Elsevier}
}

@misc{manual_zybo,
      author = {Digilent},
      title = {ZYBO FPGA Board Reference Manual},
      howpublished = "\url{https://reference.digilentinc.com/_media/zybo:zybo_rm.pdf}"
}

@misc{vivadoIDE,
      author = {Xilinx},
      title = {Vivado Design Suite User Guide : Using the Vivado IDE},
      howpublished = "\url{https://www.xilinx.com/support/documentation/sw_manuals/xilinx2016_2/ug893-vivado-ide.pdf}"
}

@incollection{sun2012high,
  title={High-Level Design Tools for Complex DSP Applications},
  author={Sun, Yang and Amiri, Kiarash and Wang, Guohui and Yin, Bei and Cavallaro, Joseph R and Ly, Tai},
  year={2012},
  publisher={Elsevier, Waltham, MA}
}

@misc{zynq,
      author = {Wikipedia},
      title = {Xilinx},
      howpublished = "\url{https://en.wikipedia.org/wiki/Xilinx}"
}

@misc{students,
      author = {Xilinx},
      title = {XUP Students},
      howpublished = "\url{https://www.xilinx.com/support/university/students.html#overview}"
}

@misc{teres1997vhdl,
  title={VHDL Lenguaje Est{\'a}ndar de Dise{\~n}o Electr{\'o}nico. Editorial Mc Graw Hill},
  author={Ter{\'e}s, L and Torroja, Y and Olcoz, S and Villar, E},
  year={1997},
  publisher={Interamericana de Espa{\~n}a, SAU}
}

@book{smith2010fpgas,
  title={FPGAs 101: Everything you need to know to get started},
  author={Smith, Gina},
  year={2010},
  publisher={Newnes}
}

@misc{ip,
      author = {Xilinx},
      title = {Vivado Design Suite User Guide : Designing with IP},
      howpublished = "\url{https://www.xilinx.com/support/documentation/sw_manuals/xilinx2019_2/ug896-vivado-ip.pdf}"
}

@misc{memoria,
      author = {Xilinx},
      title = {Block Memory Generator v8.4 LogiCORE IP Product Guide},
      howpublished = "\url{https://www.xilinx.com/support/documentation/ip_documentation/blk_mem_gen/v8_4/pg058-blk-mem-gen.pdf}"
}

@book{hamblen2007rapid,
  title={Rapid prototyping of digital systems: SOPC edition},
  author={Hamblen, James O and Hall, Tyson S and Furman, Michael D},
  year={2007},
  publisher={Springer Science \& Business Media}
}

@misc{pll,
      author = {Xilinx},
      title = {Clocking Wizard v6.0 LogiCORE IP Product Guide},
      howpublished = "\url{https://www.xilinx.com/support/documentation/ip_documentation/clk_wiz/v6_0/pg065-clk-wiz.pdf}"
}

@misc{arquitectura,
      author = {MCI Capacitación},
      title = {FPGA (Field Programmable Gate Array)},
      howpublished = "\url{https://cursos.mcielectronics.cl/2019/06/18/fpga-field-programmable-gate-array/}"
}

@misc{mercado,
      author = {Markets and Markets},
      title = {FPGA Market},
      howpublished = "\url{https://www.marketsandmarkets.com/Market-Reports/fpga-market-194123367.html}"
}

@misc{microchip,
      author = {Clive Maxfield},
      title = {Fundamentos de las FPGA - Parte 3: Introducción a las FPGA de Microchip Technology},
      howpublished = "\url{https://www.digikey.es/es/articles/fundamentals-of-fpgas-part-3-getting-started-with-microchip-fpgas}"
}

@misc{lattice,
      author = {Clive Maxfield},
      title = {Conceptos fundamentales de los FPGA – Parte 2: Presentación de los FPGA de Lattice Semiconductor},
      howpublished = "\url{https://www.digikey.es/es/articles/fundamentals-of-fpgas-part-2-getting-started-with-lattice-semiconductor-fpgas}"
}

@misc{xilinx2,
      author = {Clive Maxfield},
      title = {Fundamentos de los FPGA - Parte 4: Introducción de los FPGA de Xilinx},
      howpublished = "\url{https://www.digikey.es/es/articles/fundamentals-of-fpgas-part-4-getting-started-with-xilinx-fpgas}"
}

@misc{intelsdk,
      author = {Intel},
      title = {Intel FPGA SDK for OpenCL Software Technology},
      howpublished = "\url{https://www.intel.com/content/www/us/en/software/programmable/sdk-for-opencl/overview.html?wapkw=intel%20fpga%20sdk}"
}

@misc{intelhls,
      author = {Intel},
      title = {Intel High Level Synthesis Compiler},
      howpublished = "\url{https://www.intel.com/content/www/us/en/software/programmable/quartus-prime/hls-compiler.html?wapkw=hls%20compiler}"
}

@misc{synopsis,
      author = {Synopsys},
      howpublished = "\url{https://www.synopsys.com/}"
}

@misc{mentor,
      author = {Mentor Graphics},
      howpublished = "\url{https://www.mentor.com/}"
}

@misc{quartus,
      author = {Intel},
      howpublished = "\url{https://www.intel.com/content/www/us/en/products/programmable.html}"
}

@misc{vivado1,
      author = {Xilinx},
      title = {Vivado Design Suite},
      howpublished = "\url{https://www.xilinx.com/products/design-tools/vivado.html}"
}

@misc{vitis,
      author = {Xilinx},
      title = {Vitis Unified Software Platform},
      howpublished = "\url{https://www.xilinx.com/products/design-tools/vitis/vitis-platform.html}"
}

@misc{zynq7000,
      author = {Xilinx},
      title = {Zynq-7000 SoC Data Sheet: Overview},
      howpublished = "\url{https://www.xilinx.com/support/documentation/data_sheets/ds190-Zynq-7000-Overview.pdf}"
}

@misc{digi,
      author = {Digilent},
      title = {System Boards},
      howpublished = "\url{https://store.digilentinc.com/fpga-programmable-logic/system-boards/}"
}

@misc{support,
      author = {Xilinx},
      title = {XUP Supported Boards},
      howpublished = "\url{https://www.xilinx.com/support/university/boards-portfolio/xup-boards.html}"
}

@misc{basys,
      author = {Digilent},
      title = {Basys 3 Reference Manual},
      howpublished = "\url{https://reference.digilentinc.com/reference/programmable-logic/basys-3/reference-manual}"
}

@misc{arty,
      author = {Digilent},
      title = {Arty A7 Reference Manual},
      howpublished = "\url{https://reference.digilentinc.com/reference/programmable-logic/arty-a7/reference-manual}"
}

@misc{pynq1,
      author = {Digilent},
      title = {PYNQ-Z1 Reference Manual},
      howpublished = "\url{https://reference.digilentinc.com/reference/programmable-logic/pynq-z1/reference-manual}"
}

@misc{zed,
      author = {Digilent},
      title = {ZedBoard Zynq-7000 Development Board Reference Manual},
      howpublished = "\url{https://reference.digilentinc.com/reference/programmable-logic/zedboard/reference-manual}"
}

@misc{basys2,
      author = {Digilent},
      title = {Basys 2 FPGA Board Reference Manual},
      howpublished = "\url{https://reference.digilentinc.com/_media/basys2:basys2_rm.pdf}"
}

@misc{artys7,
      author = {Digilent},
      title = {Arty S7 Reference Manual},
      howpublished = "\url{https://reference.digilentinc.com/reference/programmable-logic/arty-s7/reference-manual}"
}

@misc{Anvyl,
      author = {Digilent},
      title = {Anvyl FPGA Board Reference Manual},
      howpublished = "\url{https://reference.digilentinc.com/_media/anvyl:anvyl_rm.pdf}"
}

@misc{genesys,
      author = {Digilent},
      title = {Genesys 2 Reference Manual},
      howpublished = "\url{https://reference.digilentinc.com/reference/programmable-logic/genesys-2/reference-manual?redirect=1}"
}
